@inproceedings{amini12,
    author = {Amini, Mehdi and Creusillet, B{\'{e}}atrice and Even, St{\'{e}}phanie and Keryell, Ronan and Goubier, Onig and Guelton, Serge and McMahon, Janice O. and Pasquier, Fran{\c{c}}ois-Xavier and P{\'{e}}an, Gr{\'{e}}goire and Villalon, Pierre and Others},
    booktitle = {IMPACT/HiPEAC},
    comment = {IMPACT 2012: Second International Workshop on Polyhedral Compilation Techniques HiPEAC 2012},
    title = {{Par4all}: From convex array regions to heterogeneous computing},
    year = {2012}
}

@inproceedings{baskaran08,
 author = {Baskaran, Muthu Manikandan and Bondhugula, Uday and Krishnamoorthy, Sriram and Ramanujam, J. and Rountev, Atanas and Sadayappan, P.},
 title = {A Compiler Framework for Optimization of Affine Loop Nests for Gpgpus},
 booktitle = {ICS},
 comment = {Proceedings of the 22Nd Annual International Conference on Supercomputing},
 year = {2008},
 pages = {225--234},
 publisher = {ACM},
} 

@inproceedings{baskaran10,
 author = {Baskaran, Muthu Manikandan and Ramanujam, J. and Sadayappan, P.},
 title = {Automatic C-to-CUDA Code Generation for Affine Programs},
 booktitle = {CC/ETAPS},
 comment = {Proceedings of the 19th Joint European Conference on Theory and Practice of Software, International Conference on Compiler Construction},
 year = {2010},
 pages = {244--263},
 publisher = {Springer-Verlag},
} 

@inproceedings{bastoul04,
  author = {C\'{e}dric Bastoul},
  title = {Code Generation in the Polyhedral Model Is Easier Than You Think},
  booktitle = {PACT},
  comment = {PACT'13 IEEE International Conference on Parallel Architecture and Compilation Techniques},
  year =	 2004,
  pages =	 {7--16},
 publisher = {IEEE},
}

@inproceedings{bengio07,
    author = {Yoshua Bengio and Pascal Lamblin and Dan Popovici and Hugo Larochelle and Université De Montréal and Montréal Québec},
    title = {Greedy layer-wise training of deep networks},
    booktitle = {NIPS},
    year = {2007},
    publisher = {MIT Press}
}

@article{bloom70,
 author = {Bloom, Burton H.},
 title = {Space/Time Trade-offs in Hash Coding with Allowable Errors},
 journal = {Commun. ACM},
 volume = {13},
 number = {7},
 year = {1970},
 pages = {422--426},
 publisher = {ACM},
} 


@inproceedings{blume94,
    author = {Bill Blume and Rudolf Eigenmann and Keith Faigin and John Grout and Jay Hoeflinger and David Padua and Paul Petersen and Bill Pottenger and Lawrence Rauchwerger and Peng Tu and Stephen Weatherford},
    title = {Polaris: The Next Generation in Parallelizing Compilers},
    booktitle = {LCPC},
    comment = {Proceedings of the Workshop on Languages and Compilers for Parallel Computing},
    year = {1994},
    pages = {10--1},
    publisher = {Springer-Verlag}
}

@inproceedings{bondhugula08,
 author = {Bondhugula, Uday and Hartono, Albert and Ramanujam, J. and Sadayappan, P.},
 title = {A Practical Automatic Polyhedral Parallelizer and Locality Optimizer},
 booktitle = {PLDI},
 comment = {Proceedings of the 29th ACM SIGPLAN Conference on Programming Language Design and Implementation},
 year = {2008},
 pages = {101--113},
 publisher = {ACM},
} 


@inproceedings{boyle99,
  author    = {Michael F. P. O'Boyle and
               Peter M. W. Knijnenburg},
  title     = {Efficient Parallelization Using Combined Loop and Data Transformations},
  booktitle = {PACT},
  comment = {Proceedings of the 1999 International Conference on Parallel Architectures
               and Compilation Techniques, Newport Beach, California, USA, October
               12-16, 1999},
  pages     = {283--292},
  year      = {1999},
}

@inproceedings{bruening98,
    author = {Derek Bruening and Srikrishna Devabhaktuni and Saman Amarasinghe},
    title = {Softspec: Software-based Speculative Parallelism},
    booktitle = {FDDO},
    comment = {In 3rd ACM Workshop on Feedback-Directed and Dynamic Optimization (FDDO-3)},
    year = {1998},
    publisher = {ACM},
}

@inproceedings{campanoni12,
 author = {Campanoni, Simone and Jones, Timothy and Holloway, Glenn and Reddi, Vijay Janapa and Wei, Gu-Yeon and Brooks, David},
 title = {HELIX: Automatic Parallelization of Irregular Programs for Chip Multiprocessing},
 booktitle = {CGO},
 comment = {Proceedings of the Tenth International Symposium on Code Generation and Optimization},
 series = {CGO '12},
 year = {2012},
 pages = {84--93},
 publisher = {ACM},
}

@inproceedings{carbin12,
 author = {Carbin, Michael and Kim, Deokhwan and Misailovic, Sasa and Rinard, Martin C.},
 title = {Proving Acceptability Properties of Relaxed Nondeterministic Approximate Programs},
 booktitle = {PLDI},
 comment = {Proceedings of the 33rd ACM SIGPLAN Conference on Programming Language Design and Implementation},
 year = {2012},
 pages = {169--180},
 publisher = {ACM SIGPLAN},
} 

@inproceedings{chakrapani08,
 author = {Chakrapani, Lakshmi N.B. and Muntimadugu, Kirthi Krishna and Lingamneni, Avinash and George, Jason and Palem, Krishna V.},
 title = {Highly Energy and Performance Efficient Embedded Computing Through Approximately Correct Arithmetic: A Mathematical Foundation and Preliminary Experimental Validation},
 booktitle = {CASES},
 comment = {Proceedings of the 2008 International Conference on Compilers, Architectures and Synthesis for Embedded Systems},
 year = {2008},
 pages = {187--196},
 publisher = {ACM},
}

@inproceedings{chen03,
author={Chen, M.K. and Olukotun, K.}, 
booktitle={ISCA}, 
comment={Computer Architecture, 2003. Proceedings. 30th Annual International Symposium on}, 
title={The Jrpm system for dynamically parallelizing Java programs}, 
year={2003}, 
pages={434-445},
publisher = {IEEE Comp. Soc.},
} 

@inproceedings{cervone00,
    author = {Guido Cervone and Ryszard S. Michalski and Kenneth K. Kaufman and Liviu A. Panait},
    title = {Combining machine learning with evolutionary computation: Recent results on {LEM}},
    booktitle = {IWML},
    comment = {In Proceedings of the Fifth International Workshop on Multistrategy Learning},
    year = {2000},
    pages = {41--58}
}

@inproceedings{cordes10, 
author={Cordes, D. and Marwedel, P. and Mallik, A.}, 
title={Automatic parallelization of embedded software using hierarchical task graphs and integer linear programming}, 
booktitle={CODES+ISSS}, 
comment={Hardware/Software Codesign and System Synthesis (CODES+ISSS), 2010 IEEE/ACM/IFIP International Conference on}, 
year={2010}, 
pages={267-276},
publisher = {IEEE/ACM},
}

@misc{cockx10,
  title={System and method for automatic parallelization of sequential code},
  author={Cockx, Johan and Vanhoof, Bart and Stahl, Richard and David, Patrick},
  year={2010},
  publisher={Google Patents},
  note={US Patent 7,797,691}
}

@inproceedings{douskos11,
 author = {Sidiroglou-Douskos, Stelios and Misailovic, Sasa and Hoffmann, Henry and Rinard, Martin},
 title = {Managing Performance vs. Accuracy Trade-offs with Loop Perforation},
 booktitle = {ESECP/FSE},
 comment = {Proceedings of the 19th ACM SIGSOFT Symposium and the 13th European Conference on Foundations of Software Engineering},
 year = {2011},
 pages = {124--134},
 publisher = {ACM SIGSOFT},
} 

@article{fahringer95b, 
author={Fahringer, T.}, 
title={Estimating and optimizing performance for parallel programs}, 
journal={Computer}, 
year={1995}, 
volume={28}, 
number={11}, 
pages={47-56},
 publisher = {IEEE},
}

@inproceedings{fahringer00, 
author={Fahringer, T. and Pozgaj, A. and Luitz, J. and Moritsch, H.}, 
title={Evaluation of {P3T+}: a performance estimator for distributed and parallel applications}, 
booktitle={IPDPS}, 
comment={Parallel and Distributed Processing Symposium, 2000. IPDPS 2000. Proceedings. 14th International}, 
year={2000}, 
pages={229-234},
 publisher = {IEEE},
}

@book{fahringer11,
 author = {Fahringer, Thomas},
 title = {Automatic Performance Prediction of Parallel Programs},
 year = {2011},
 edition = {1st},
 publisher = {Springer Publishing Company, Incorporated},
}

@inproceedings{fast10,
 author = {Fast, Ethan and Le Goues, Claire and Forrest, Stephanie and Weimer, Westley},
 title = {Designing Better Fitness Functions for Automated Program Repair},
 booktitle = {GECCO},
 comment = {Proceedings of the 12th Annual Conference on Genetic and Evolutionary Computation},
 year = {2010},
 pages = {965--972},
 publisher = {ACM},
}

@inproceedings{forrest09,
 author = {Forrest, Stephanie and Nguyen, ThanhVu and Weimer, Westley and Le Goues, Claire},
 title = {A Genetic Programming Approach to Automated Software Repair},
 booktitle = {GECCO},
 comment = {Proceedings of the 11th Annual Conference on Genetic and Evolutionary Computation},
 year = {2009},
 pages = {947--954},
 publisher = {ACM},
} 

@inproceedings{franke03,
 author = {Franke, Bj\"{o}rn and O'Boyle, M.F.P.},
 title = {Compiler Parallelization of C Programs for Multi-core DSPs with Multiple Address Spaces},
 booktitle = {CODES+ISSS},
 comment = {Proceedings of the 1st IEEE/ACM/IFIP International Conference on Hardware/Software Codesign and System Synthesis},
 year = {2003},
 pages = {219--224},
 publisher = {IEEE/ACM},
}

@article{goues12a, 
author={Le Goues, C. and ThanhVu Nguyen and Forrest, S. and Weimer, W.},  
title={GenProg: A Generic Method for Automatic Software Repair}, 
journal={IEEE Trans. Software Engineering},
year={2012}, 
volume={38},
number={1}, 
pages={54-72},
}

@inproceedings{goues12b,
author={Le Goues, C. and Dewey-Vogt, M. and Forrest, S. and Weimer, W.},
title={A systematic study of automated program repair: Fixing 55 out of 105 bugs for \$8 each},  
booktitle={ICSE},
comment={Software Engineering (ICSE), 2012 34th International Conference on},  
year={2012},
pages={3-13}, 
}

@inproceedings{govindarajan13,
 author = {Govindarajan, R. and Anantpur, Jayvant},
 title = {Runtime Dependence Computation and Execution of Loops on Heterogeneous Systems},
 booktitle = {CGO},
 comment = {Proceedings of the 2013 IEEE/ACM International Symposium on Code Generation and Optimization (CGO)},
 year = {2013},
 pages = {1--10},
 publisher = {IEEE/ACM},
} 

@inproceedings{grewe13,
author={Grewe, D. and Zheng Wang and O'Boyle, M.F.P.},
title={Portable mapping of data parallel programs to {OpenCL} for heterogeneous systems},
booktitle = {CGO},
comment={Code Generation and Optimization (CGO), 2013 IEEE/ACM International Symposium on},
year={2013},
pages={1-10},
publisher = {IEEE/ACM},
}

@article{hammond98,
 author = {Hammond, Lance and Willey, Mark and Olukotun, Kunle},
 title = {Data Speculation Support for a Chip Multiprocessor},
 journal = {SIGOPS Oper. Syst. Rev.},
 volume = {32},
 number = {5},
 year = {1998},
 pages = {58--69},
 publisher = {ACM},
} 

@book{kennedy01,
 author = {Kennedy, Ken and Allen, John R.},
 title = {Optimizing Compilers for Modern Architectures: A Dependence-based Approach},
 year = {2002},
 publisher = {Morgan Kaufmann Publishers Inc.},
} 

@inproceedings{kirsch12,
 author = {Kirsch, Christoph M. and Payer, Hannes},
 title = {Incorrect Systems: It's Not the Problem, It's the Solution},
 booktitle = {DAC},
 comment = {Proceedings of the 49th Annual Design Automation Conference},
 year = {2012},
 pages = {913--917},
 publisher = {ACM},
} 

@inproceedings{krishnan98,
 author = {Krishnan, Venkata and Torrellas, Josep},
 title = {Hardware and Software Support for Speculative Execution of Sequential Binaries on a Chip-multiprocessor},
 booktitle = {ICS},
 comment = {Proceedings of the 12th International Conference on Supercomputing},
 year = {1998},
 pages = {85--92},
 publisher = {ACM},
} 

@inproceedings{kuck81,
 author = {Kuck, D. J. and Kuhn, R. H. and Padua, D. A. and Leasure, B. and Wolfe, M.},
 title = {Dependence Graphs and Compiler Optimizations},
 booktitle = {POPL},
 comment = {Proceedings of the 8th ACM SIGPLAN-SIGACT Symposium on Principles of Programming Languages},
 year = {1981},
 pages = {207--218},
 publisher = {ACM},
} 

@inproceedings{lee02,
  author    = {Jaejin Lee and
               H. D. K. Moonesinghe},
  title     = {Adaptively Increasing Performance and Scalability of Automatically
               Parallelized Programs},
  booktitle = {LCPC},
  comment = {Languages and Compilers for Parallel Computing, 15th Workshop, {LCPC}
               2002, College Park, MD, USA, July 25-27, 2002, Revised Papers},
  pages     = {203--217},
  year      = {2002},
  publisher = {Springer}
}

@inproceedings{leung09,
 author = {Leung, Alan and Lhot\'{a}k, Ond\v{r}ej and Lashari, Ghulam},
 title = {Automatic Parallelization for Graphics Processing Units},
 booktitle = {PPPJ},
 comment = {Proceedings of the 7th International Conference on Principles and Practice of Programming in Java},
 year = {2009},
 pages = {91--100},
 publisher = {ACM},
} 

@inproceedings{li09, 
author={Jiangtian Li and Xiaosong Ma and Singh, K. and Schulz, M. and de Supinski, B.R. and McKee, S.A.}, 
title={Machine learning based online performance prediction for runtime parallelization and task scheduling}, 
booktitle={ISPASS}, 
comment={Performance Analysis of Systems and Software, 2009. ISPASS 2009. IEEE International Symposium on}, 
year={2009}, 
pages={89-100},
publisher = {IEEE},
}

@inproceedings{lim97,
 author = {Lim, Amy W. and Lam, Monica S.},
 title = {Maximizing Parallelism and Minimizing Synchronization with Affine Transforms},
 booktitle = {POPL},
 comment = {Proceedings of the 24th ACM SIGPLAN-SIGACT Symposium on Principles of Programming Languages},
 year = {1997},
 pages = {201--214},
 publisher = {ACM},
} 

@inproceedings{lingamneni12,
 author = {Lingamneni, Avinash and Muntimadugu, Kirthi Krishna and Enz, Christian and Karp, Richard M. and Palem, Krishna V. and Piguet, Christian},
 title = {Algorithmic Methodologies for Ultra-efficient Inexact Architectures for Sustaining Technology Scaling},
 booktitle = {CF},
 comment = {Proceedings of the 9th Conference on Computing Frontiers},
 year = {2012},
 pages = {3--12},
 publisher = {ACM},
} 

@inproceedings{lu98,
author={Lu, B. and Mellor-Crummey, J.},  
title={Compiler optimization of implicit reductions for distributed memory multiprocessors}, 
booktitle={IPPS/SPDP},
comment={Parallel Processing Symposium, 1998. IPPS/SPDP 1998. Proceedings of the First Merged International ... and Symposium on Parallel and Distributed Processing 1998},
year={1998}, 
pages={42-51},
publisher = {IEEE Comp. Soc.},
}

@inproceedings{maruyama11,
  title={Physis: an implicitly parallel programming model for stencil computations on large-scale GPU-accelerated supercomputers},
  author={Maruyama, Naoya and Nomura, Tatsuo and Sato, Kento and Matsuoka, Satoshi},
  booktitle={High Performance Computing, Networking, Storage and Analysis (SC), 2011 International Conference for},
  pages={1--12},
  year={2011},
  organization={IEEE}
}

@inproceedings{mccool10,
 author = {McCool, Michael D.},
 title = {Structured Parallel Programming with Deterministic Patterns},
 booktitle = {Proceedings of the 2Nd USENIX Conference on Hot Topics in Parallelism},
 series = {HotPar'10},
 year = {2010},
 location = {Berkeley, CA},
 pages = {5--5},
 numpages = {1},
 acmid = {1863091},
 publisher = {USENIX Association},
 address = {Berkeley, CA, USA},
} 

@book{mccool12,
  title={Structured parallel programming: patterns for efficient computation},
  author={McCool, Michael and Reinders, James and Robison, Arch},
  year={2012},
  publisher={Elsevier}
}

@inproceedings{michael09,
 author = {Michael, Maged M. and Vechev, Martin T. and Saraswat, Vijay A.},
 title = {Idempotent Work Stealing},
 booktitle = {PPoPP},
 comment = {Proceedings of the 14th ACM SIGPLAN Symposium on Principles and Practice of Parallel Programming},
 year = {2009},
 pages = {45--54},
 publisher = {ACM},
} 

@article{michalski00,
 year={2000},
 journal={Machine Learning},
 volume={38},
 number={1-2},
 title={LEARNABLE EVOLUTION MODEL: Evolutionary Processes Guided by Machine Learning},
 publisher={Kluwer Academic Publishers},
 author={Michalski, Ryszard S.},
 pages={9-40}
}

@incollection{misailovic11,
year={2011},
booktitle={Static Analysis},
volume={6887},
series={Lecture Notes in Computer Science},
title={Probabilistically Accurate Program Transformations},
publisher={Springer},
author={Misailovic, Sasa and Roy, DanielM. and Rinard, MartinC.},
pages={316-333},
}

@article{misailovic13,
 author = {Misailovic, Sasa and Kim, Deokhwan and Rinard, Martin},
 title = {Parallelizing Sequential Programs with Statistical Accuracy Tests},
 journal = {ACM Trans. Embed. Comput. Syst.},
 volume = {12},
 number = {2},
 year = {2013},
 pages = {88:1--88:26},
} 

@inproceedings{mohanty12,
  title={Autotuning wavefront abstractions for heterogeneous architectures},
  author={Mohanty, Siddharth and Cole, Murray},
  booktitle={WAMCA},
  comment={Third Workshop on Applications for Multi-Core Architectures},
  pages={42--47},
  year={2012},
  publisher={SBC},
}

@article{ohlsson93,
 author = {Ohlsson, Mattais and Peterson, Carsten and S\"{o}derberg, Bo},
 title = {Neural Networks for Optimization Problems with Inequality Constraints: The Knapsack Problem},
 journal = {Neural Comput.},
 volume = {5},
 number = {2},
 year = {1993},
 pages = {331--339},
 publisher = {MIT Press},
} 

@techreport{padua93,
    author = {David A. Padua and Rudolf Eigenmann and Jay Hoeflinger and Paul Petersen and Peng Tu and Stephen Weatherford and Keith Faigin},
    title = {Polaris: A New-Generation Parallelizing Compiler for {MPPs}},
    institution = {In CSRD Rept. No. 1306. Univ. of Illinois at Urbana-Champaign},
    year = {1993},
}

@inproceedings{palem09,
 author = {Palem, Krishna V. and Chakrapani, Lakshmi N.B. and Kedem, Zvi M. and Lingamneni, Avinash and Muntimadugu, Kirthi Krishna},
 title = {Sustaining Moore's Law in Embedded Computing Through Probabilistic and Approximate Design: Retrospects and Prospects},
 booktitle = {CASES},
 comment = {Proceedings of the 2009 International Conference on Compilers, Architecture, and Synthesis for Embedded Systems},
 year = {2009},
 pages = {1--10},
 publisher = {ACM},
} 

@inproceedings{palem12,
 author = {Palem, Krishna and Lingamneni, Avinash},
 title = {What to Do About the End of Moore's Law, Probably!},
 booktitle = {DAC},
 comment = {Proceedings of the 49th Annual Design Automation Conference},
 year = {2012},
 pages = {924--929},
 publisher = {ACM},
} 

@inproceedings{payer11,
 author = {Payer, Hannes and Roeck, Harald and Kirsch, Christoph M. and Sokolova, Ana},
 title = {Scalability Versus Semantics of Concurrent FIFO Queues},
 booktitle = {PODC},
 comment = {Proceedings of the 30th Annual ACM SIGACT-SIGOPS Symposium on Principles of Distributed Computing},
 year = {2011},
 pages = {331--332},
 publisher = {ACM},
} 

@inproceedings{pottenger95,
 author = {Pottenger, Bill and Eigenmann, Rudolf},
 title = {Idiom Recognition in the Polaris Parallelizing Compiler},
 booktitle = {ICS},
 comment = {Proceedings of the 9th International Conference on Supercomputing},
 year = {1995},
 pages = {444--448},
 publisher = {ACM},
} 

@article{rauchwerger99,
author={Rauchwerger, L. and Padua, D.A.}, 
title={The LRPD test: speculative run-time parallelization of loops with privatization and reduction parallelization}, 
journal={IEEE Trans. Parallel and Distributed Systems}, 
year={1999},
volume={10}, 
number={2}, 
pages={160-180},
}

@inproceedings{rinard06,
author = {Rinard, Martin},
title = {Probabilistic Accuracy Bounds for Fault-tolerant Computations That Discard Tasks},
booktitle = {ICS},
comment = {Proceedings of the 20th Annual International Conference on Supercomputing},
year = {2006},
pages = {324--334},
publisher = {ACM},
} 


@inproceedings{rinard07,
author = {Rinard, Martin C.},
title = {Using Early Phase Termination to Eliminate Load Imbalances at Barrier Synchronization Points},
booktitle = {OOPSLA},
comment = {Proceedings of the 22Nd Annual ACM SIGPLAN Conference on Object-oriented Programming Systems and Applications},
year = {2007},
pages = {369--386},
publisher = {ACM SIGPLAN},
} 

@article{rus03,
year={2003},
journal={International Journal of Parallel Programming},
volume={31},
number={4},
title={Hybrid Analysis: Static \& Dynamic Memory Reference Analysis},
publisher={Kluwer Academic Publishers-Plenum Publishers},
author={Rus, Silvius and Rauchwerger, Lawrence and Hoeflinger, Jay},
pages={251-283},
}

@incollection{rus05,
year={2005},
booktitle={Languages and Compilers for High Performance Computing},
volume={3602},
series={Lecture Notes in Computer Science},
title={Automatic Parallelization Using the Value Evolution Graph},
publisher={Springer},
author={Rus, Silvius and Zhang, Dongmin and Rauchwerger, Lawrence},
pages={379-393},
}

@inproceedings{rus07,
 author = {Rus, Silvius and Pennings, Maikel and Rauchwerger, Lawrence},
 title = {Sensitivity Analysis for Automatic Parallelization on Multi-cores},
 booktitle = {ICS},
 comment = {Proceedings of the 21st Annual International Conference on Supercomputing},
 year = {2007},
 pages = {263--273},
 publisher = {ACM},
} 

@incollection{rus08,
 author = {Rus, Silvius and Pennings, Maikel and Rauchwerger, Lawrence},
 title = {Languages and Compilers for Parallel Computing},
 chapter = {Implementation of Sensitivity Analysis for Automatic Parallelization},
 year = {2008},
 pages = {316--330},
 publisher = {Springer-Verlag},
} 

@phdthesis{rus08b,
 author = {Rus, Silvius Vasile},
 title = {Hybrid Analysis of Memory References and Its Application to Automatic Parallelization},
 year = {2008},
 publisher = {Texas A\&M University},
 address = {College Station, TX, USA},
}

@article{sanger89,
author = "Terence D. Sanger",
title = "Optimal unsupervised learning in a single-layer linear feedforward neural network",
journal = "Neural Networks",
volume = "2",
number = "6",
pages = "459 - 473",
year = "1989",
}

@inproceedings{schulte14a,
 author = {Schulte, Eric and Dorn, Jonathan and Harding, Stephen and Forrest, Stephanie and Weimer, Westley},
 title = {Post-compiler Software Optimization for Reducing Energy},
 booktitle = {ASPLOS},
 comment = {Proceedings of the 19th International Conference on Architectural Support for Programming Languages and Operating Systems},
 year = {2014},
 pages = {639--652},
 publisher = {ACM},
} 

@article{schulte14b,
year={2014},
journal={Genetic Programming and Evolvable Machines},
volume={15},
number={3},
title={Software mutational robustness},
publisher={Springer US},
author={Schulte, Eric and Fry, ZacharyP. and Fast, Ethan and Weimer, Westley and Forrest, Stephanie},
pages={281-312},
}


@article{shi05,
 author = {Shi, X. H. and Liang, Y. C. and Lee, H. P. and Lu, C. and Wang, L. M.},
 title = {An Improved {GA} and a Novel {PSO-GA}-based Hybrid Algorithm},
 journal = {Inf. Process. Lett.},
 volume = {93},
 number = {5},
 year = {2005},
 pages = {255--261},
 publisher = {Elsevier North-Holland, Inc.},
} 

@article{smith99,
author = {Kate A. Smith},
title = {Neural Networks for Combinatorial Optimization: A Review of More Than a Decade of Research},
journal = {INFORMS Journal on Computing},
volume = {11},
number = {1},
pages = {15-34},
year = {1999},
}


@incollection{stephenson03,
year={2003},
booktitle={Genetic Programming},
volume={2610},
series={Lecture Notes in Computer Science},
title={Genetic Programming Applied to Compiler Heuristic Optimization},
publisher={Springer},
author={Stephenson, Mark and O’Reilly, Una-May and Martin, MartinC. and Amarasinghe, Saman},
pages={238-253}
}

@inproceedings{tournavitis09,
  author    = {Georgios Tournavitis and
               Zheng Wang and
               Bj{\"{o}}rn Franke and
               Michael F. P. O'Boyle},
  title     = {Towards a holistic approach to auto-parallelization: integrating profile-driven
               parallelism detection and machine-learning based mapping},
  booktitle = {PLDI},
  comment = {Proceedings of the 2009 {ACM} {SIGPLAN} Conference on Programming
               Language Design and Implementation, {PLDI} 2009, Dublin, Ireland,
               June 15-21, 2009},
  pages     = {177--187},
  year      = {2009},
  publisher={ACM SIGPLAN},
}

@inproceedings{walsh95,
  title={Automatic Conversion of Programs from Serial to Parallel using Genetic Programming - The Paragen System.},
  author={Walsh, Paul and Ryan, Conor},
  booktitle={PARCO},
  comment={International Conference on Parallel Computing (PARCO)},
  pages={415--422},
  year={1995},
}

@inproceedings{walsh96,
 author = {Walsh, Paul and Ryan, Conor},
 title = {Paragen: A Novel Technique for the Autoparallelisation of Sequential Programs Using GP},
 booktitle = {Proceedings of the 1st Annual Conference on Genetic Programming},
 year = {1996},
 isbn = {0-262-61127-9},
 location = {Stanford, California},
 pages = {406--409},
 numpages = {4},
 publisher = {MIT Press},
 address = {Cambridge, MA, USA},
} 

@article{wang99,
year={1999},
issn={1370-4621},
journal={Neural Processing Letters},
volume={9},
number={3},
doi={10.1023/A:1018603904290},
title={A Chaotic Annealing Neural Network with Gain Sharpening and Its Application to the 0/1 Knapsack Problem},
publisher={Kluwer Academic Publishers},
keywords={knapsack problem; chaotic annealing; neural network},
author={Wang, Baoyun and Dong, Heng and He, Zhenya},
pages={243-247},
language={English}
}

@inproceedings{wang09,
 author = {Wang, Zheng and O'Boyle, Michael F.P.},
 title = {Mapping Parallelism to Multi-cores: A Machine Learning Based Approach},
 booktitle = {Proceedings of the 14th ACM SIGPLAN Symposium on Principles and Practice of Parallel Programming},
 series = {PPoPP '09},
 year = {2009},
 isbn = {978-1-60558-397-6},
 location = {Raleigh, NC, USA},
 pages = {75--84},
 numpages = {10},
 doi = {10.1145/1504176.1504189},
 acmid = {1504189},
 publisher = {ACM},
 address = {New York, NY, USA},
 keywords = {artificial neural networks, compiler optimization, machine learning, performance modeling, support vector machine},
}
 
@article{wang14a,
 author = {Wang, Zheng and Tournavitis, Georgios and Franke, Bj\"{o}rn and O'boyle, Michael F. P.},
 title = {Integrating Profile-driven Parallelism Detection and Machine-learning-based Mapping},
 journal = {ACM Trans. Archit. Code Optim.},
 volume = {11},
 number = {1},
 year = {2014},
 pages = {2:1--2:26},
}

@article{wang14b,
 author = {Wang, Zheng and Grewe, Dominik and O'boyle, Michael F. P.},
 title = {Automatic and Portable Mapping of Data Parallel Programs to OpenCL for GPU-Based Heterogeneous Systems},
 journal = {ACM Trans. Archit. Code Optim.},
 volume = {11},
 number = {4},
 year = {2014},
 pages = {42:1--42:26},
} 

@inproceedings{weimer09,
 author = {Weimer, Westley and Nguyen, ThanhVu and Le Goues, Claire and Forrest, Stephanie},
 title = {Automatically Finding Patches Using Genetic Programming},
 booktitle = {ICSE},
 comment = {Proceedings of the 31st International Conference on Software Engineering},
 year = {2009},
 pages = {364--374},
 publisher = {IEEE Comp. Soc.},
}

@article{williams96,
  title={Genetic compilers: A new technique for automatic parallelisation},
  author={Williams, Kenneth P and Williams, Shirley A},
  journal={ESPPE},
  comment={2nd European School of Parallel Programming Environments (ESPPE'96)(L'Alpe d'Hoez, France, 1996)},
  pages={27--30},
  year={1996},
}

@inproceedings{williams99,
  address = {Orlando, Florida, USA},
  author = {Williams, Kenneth P. and Williams, Shirley A.},
  booktitle = {GECCO},
  comment = {Proceedings of the Genetic and Evolutionary Computation Conference},
  pages = {1429--1436},
  publisher = {Morgan Kaufmann},
  title = {Two Evolutionary Representations for Automatic Parallelization},
  volume = {2},
  year = {1999},
  publisher={ACM},
}

@incollection{wu08,
year={2008},
booktitle={LCPC},
volume={5335},
series={Lecture Notes in Computer Science},
title={Compiler-Driven Dependence Profiling to Guide Program Parallelization},
publisher={Springer Berlin Heidelberg},
author={Wu, Peng and Kejariwal, Arun and Caşcaval, Călin},
pages={232-248},
}

@article{yiapanis13,
 author = {Yiapanis, Paraskevas and Rosas-Ham, Demian and Brown, Gavin and Luj\'{a}n, Mikel},
 title = {Optimizing Software Runtime Systems for Speculative Parallelization},
 journal = {ACM Trans. Archit. Code Optim.},
 volume = {9},
 number = {4},
 year = {2013},
 pages = {39:1--39:27},
} 

@inproceedings{zhang04,
  author    = {Guansong Zhang and
               Priya Unnikrishnan and
               James Ren},
  title     = {Experiments with Auto-Parallelizing {SPEC2000FP} Benchmarks},
  booktitle = {LCPC},
  comment = {Languages and Compilers for High Performance Computing, 17th International
               Workshop, {LCPC} 2004, West Lafayette, IN, USA, September 22-24, 2004,
               Revised Selected Papers},
  pages     = {348--362},
  year      = {2004},
}

@inproceedings{zhu12,
 author = {Zhu, Zeyuan Allen and Misailovic, Sasa and Kelner, Jonathan A. and Rinard, Martin},
 title = {Randomized Accuracy-aware Program Transformations for Efficient Approximate Computations},
 booktitle = {POPL},
 comment = {Proceedings of the 39th Annual ACM SIGPLAN-SIGACT Symposium on Principles of Programming Languages},
 year = {2012},
 pages = {441--454},
 publisher = {ACM},
} 
