@inproceedings{rocha2015cycles,
    author={Rodrigo Caetano Rocha and Bhalchandra Digambar Thatte},
    title={Distributed cycle detection in large-scale sparse graphs},
    booktitle={XLVII SBPO 2015 - Simp\'{o}sio Brasileiro de Pesquisa Operacional},
    days={25-28},
    month={Aug.},
    year={2015},
}


@inproceedings{saffran2015apriori,
    author={Jo\~{a}o Saffran and Rodrigo Caetano de Oliveira Rocha and Lu\'{i}s Fabr\'{i}cio Wanderley G\'{o}es},
    title={Algoritmo de Regras de Associa\c{c}\~{a}o Paralelo para Arquiteturas Multicore e Manycore},
    booktitle={XVI Workshop de Inicia\c{c}\~{a}o Cient\'{i}fica em Arquitetura de Computadores e Computa\c{c}\~{a}o de Alto Desempenho (WSCAD-WIC), },
    address={Florian\'{o}polis, SC - Brazil},
    month={Oct.},
    year={2015},
}

@inproceedings{pereira2015stencilbench,
    author={Alyson Deives Pereira and S\'{e}rgio Vitarelli Silva and Rodrigo Caetano de Oliveira Rocha and Lu\'{i}s Fabr\'{i}cio Wanderley G\'{o}es and M\'{a}rcio Castro},
    title={StencilBench: Um Benchmark Sint\'{e}tico para Avalia\c{c}\~{a}o de Frameworks do Padr\~{a}o Est\^{e}ncil},
    booktitle={XVI Workshop de Inicia\c{c}\~{a}o Cient\'{i}fica em Arquitetura de Computadores e Computa\c{c}\~{a}o de Alto Desempenho (WSCAD-WIC), },
    address={Florian\'{o}polis, SC - Brazil},
    month={Oct.},
    year={2015},
}

@inproceedings{rocha2014watershed,
  author    = {Rodrigo Caetano Rocha and
               Renato Ferreira and
               Wagner Meira Jr. and
               Dorgival Guedes},
  title     = {Watershed reengineering: Making Streams Programmable},
  booktitle = {26th {IEEE} International Symposium on Computer Architecture and High
               Performance Computing Workshop, {SBAC-PAD} Workshop 2014, Paris, France},
  pages     = {120--125},
  year      = {2014},
  doi       = {10.1109/SBAC-PADW.2014.31},
}

@inproceedings{rocha2013smtd,
    author={Rodrigo Caetano Rocha and Humberto Marques-Neto and Dorgival Guedes},
    title={{SMTD}: Uma aplica{\c{c}}{\~a}o de Redes Definidas por Software no contexto de Redes Dom{\'e}sticas},
    booktitle={SBRC 2013 - Workshop de Pesquisa Experimental da Internet do Futuro (WPEIF)},
    address={Brasilia},
    days={10-10},
    month={May},
    year={2013},
}

